<?xml version="1.0" encoding="UTF-8"?><collection xmlns="http://www.loc.gov/MARC21/slim"><record><leader>00547nam--2200181-u-4500</leader><controlfield tag="001">000054851</controlfield><controlfield tag="002">20161230</controlfield><controlfield tag="005">20161230201051</controlfield><controlfield tag="008">120621s1000------------r-----000-0-fre-d</controlfield><datafield ind1=" " ind2=" " tag="040"><subfield code="a">IFIN-HH</subfield></datafield><datafield ind1=" " ind2=" " tag="041"><subfield code="a">fre</subfield></datafield><datafield ind1=" " ind2=" " tag="080"><subfield code="a">539.17.02(043)</subfield></datafield><datafield ind1="1" ind2=" " tag="100"><subfield code="a">El Maddarsi, Mohamed</subfield></datafield><datafield ind1="1" ind2="0" tag="245"><subfield code="a">L'etude des sections efficaces differentielles elstique et d'attachement electronique du systeme h cs</subfield><subfield code="b">These</subfield><subfield code="c">Mohamed el maddarsi</subfield></datafield><datafield ind1=" " ind2=" " tag="260"><subfield code="a">Paris</subfield><subfield code="b">Universite</subfield><subfield code="c">1982</subfield></datafield><datafield ind1=" " ind2=" " tag="300"><subfield code="a">137P. + PAG.DIF</subfield></datafield><datafield ind1=" " ind2=" " tag="852"><subfield code="a">71067</subfield><subfield code="c">539.17</subfield></datafield><datafield ind1=" " ind2=" " tag="CAT"><subfield code="a">Sys</subfield><subfield code="c">20120621</subfield><subfield code="h">141646</subfield></datafield></record></collection>